%%%% Guide til bibtex og litteratur.bib %%%%

@article{Sahidullah2012,
  doi = {10.1016/j.specom.2011.11.004},
  url = {http://dx.doi.org/10.1016/j.specom.2011.11.004},
  year  = {2012},
  month = {may},
  publisher = {Elsevier {BV}},
  volume = {54},
  number = {4},
  pages = {543--565},
  author = {Md. Sahidullah and Goutam Saha},
  title = {Design,  analysis and experimental evaluation of block based transformation in {MFCC} computation for speaker recognition},
  journal = {Speech Communication}
}